@article{prueba,
  title={prueba del documento lenguaje Latex},
  author={Autor},
  journal={https://www.overleaf.com/},
  volume={13},
  number={36},
  pages={34--36},
  year={2022}
}
@misc{mysql,
	title = {{MySQL :: MySQL Connector/Python Developer Guide}},
	year = {2024},
	month = may,
	note = {[Online; accessed 23. May 2024]},
	url = {https://dev.mysql.com/doc/connector-python/en}
}
@PHDTHESIS{Munoz01,
  author =       "R. Mu\={n}oz",
  title =        "{Tratamiento y resoluci贸n de las descripciones definidas y su aplicaci贸n en sistemas de extracci贸n de informaci贸n}",
  school =       "Departamento de Lenguajes y Sistemas Inform\'aticos. Universidad de Alicante",
  year =         "2001",
  type =         "",
  month =        "May",
}
@misc{Bootstrap,
	author = {{Mark Otto, Jacob Thornton, Bootstrap contributors}},
	title = {{Introduction}},
	year = {2024},
	month = may,
	note = {[Online; accessed 29. Jun. 2024]},
	url = {https://getbootstrap.com/docs/5.0/getting-started/introduction}
}
